@article{Shi:2000:NCI:351581.351611,
 author = {Shi, Jianbo and Malik, Jitendra},
 title = {Normalized Cuts and Image Segmentation},
 journal = {IEEE Trans. Pattern Anal. Mach. Intell.},
 issue_date = {August 2000},
 volume = {22},
 number = {8},
 month = aug,
 year = {2000},
 issn = {0162-8828},
 pages = {888--905},
 numpages = {18},
 url = {http://dx.doi.org/10.1109/34.868688},
 doi = {10.1109/34.868688},
 acmid = {351611},
 publisher = {IEEE Computer Society},
 address = {Washington, DC, USA},
 keywords = {Grouping, image segmentation, graph partitioning.},
} 

@book{Vazirani:2001:AA:500776,
 author = {Vazirani, Vijay V.},
 title = {Approximation algorithms},
 year = {2001},
 isbn = {3-540-65367-8},
 publisher = {Springer-Verlag New York, Inc.},
 address = {New York, NY, USA},
} 
@book{Lawler:combopt,
      Author="Eugene Lawler",
      Title="Combinatorial Optimization: Networks and Matroids",
      Year=1976,
      address="Fort Worth",
      Publisher="Saunders College Publishing",
}

@INPROCEEDINGS{Shi00learningsegmentation,
    author = {Jianbo Shi},
    title = {Learning segmentation by random walks},
    booktitle = {In Advances in Neural Information Processing},
    year = {2000},
    pages = {470--477},
    publisher = {MIT Press}
}

@article{Airoldi:2008:MMS:1390681.1442798,
 author = {Airoldi, Edoardo M. and Blei, David M. and Fienberg, Stephen E. and Xing, Eric P.},
 title = {Mixed Membership Stochastic Blockmodels},
 journal = {J. Mach. Learn. Res.},
 issue_date = {6/1/2008},
 volume = {9},
 month = jun,
 year = {2008},
 issn = {1532-4435},
 pages = {1981--2014},
 numpages = {34},
 url = {http://dl.acm.org/citation.cfm?id=1390681.1442798},
 acmid = {1442798},
 publisher = {JMLR.org},
} 

@inproceedings{Fu:2009:DMM:1553374.1553416,
 author = {Fu, Wenjie and Song, Le and Xing, Eric P.},
 title = {Dynamic mixed membership blockmodel for evolving networks},
 booktitle = {Proceedings of the 26th Annual International Conference on Machine Learning},
 series = {ICML '09},
 year = {2009},
 isbn = {978-1-60558-516-1},
 location = {Montreal, Quebec, Canada},
 pages = {329--336},
 numpages = {8},
 url = {http://doi.acm.org/10.1145/1553374.1553416},
 doi = {10.1145/1553374.1553416},
 acmid = {1553416},
 publisher = {ACM},
 address = {New York, NY, USA},
}

@inproceedings{Shu:2011:ESN:2004686.2005621,
 author = {Shu, Liangcai and Chen, Aiyou and Xiong, Ming and Meng, Weiyi},
 title = {Efficient SPectrAl Neighborhood blocking for entity resolution},
 booktitle = {Proceedings of the 2011 IEEE 27th International Conference on Data Engineering},
 series = {ICDE '11},
 year = {2011},
 isbn = {978-1-4244-8959-6},
 pages = {1067--1078},
 numpages = {12},
 url = {http://dx.doi.org/10.1109/ICDE.2011.5767835},
 doi = {10.1109/ICDE.2011.5767835},
 acmid = {2005621},
 publisher = {IEEE Computer Society},
 address = {Washington, DC, USA},
} 


@article{Dhillon:2007:WGC:1313055.1313291,
 author = {Dhillon, Inderjit S. and Guan, Yuqiang and Kulis, Brian},
 title = {Weighted Graph Cuts without Eigenvectors A Multilevel Approach},
 journal = {IEEE Trans. Pattern Anal. Mach. Intell.},
 issue_date = {November 2007},
 volume = {29},
 number = {11},
 month = nov,
 year = {2007},
 issn = {0162-8828},
 pages = {1944--1957},
 numpages = {14},
 url = {http://dx.doi.org/10.1109/TPAMI.2007.1115},
 doi = {10.1109/TPAMI.2007.1115},
 acmid = {1313291},
 publisher = {IEEE Computer Society},
 address = {Washington, DC, USA},
 keywords = {Clustering, Clustering, Data Mining, Segmentation, Kernel, k-means, k-means, Spectral Clustering, Graph Partitioning, Data Mining, Graph Partitioning, Kernel, Segmentation, Spectral Clustering, k-means},
}


@InProceedings{HoSonXin11, 
  author = {Q. Ho and L. Song and E. Xing},
  title = {Evolving Cluster Mixed-Membership Blockmodel for Time-Evolving Networks}, 
  booktitle = {International Conference on Artifical Intelligence and Statistics (AISTATS)}, 
  year = {2011}, 
  pdf = {papers/HoSonXin11}
  }
  
  @InProceedings{ 1977:dem,
	abstract = "N/A",
	author = "Arthur P. Dempster and Nan M. Laird and Donald B. Rdin",
	booktitle = "JOURNAL OF THE ROYAL STATISTICAL SOCIETY, SERIES B",
	citeulike-article-id = "3989919",
	citeulike-linkout-0 = "http://citeseerx.ist.psu.edu/viewdoc/summary?doi=10.1.1.133.4884",
	journal = "JOURNAL OF THE ROYAL STATISTICAL SOCIETY, SERIES B",
	keywords = "machine-learning",
	number = "1",
	pages = "1--38",
	posted-at = "2009-02-01 04:55:22",
	priority = "0",
	title = "{M}aximum {L}ikelihood from {I}ncomplete {D}ata via the {EM} {A}lgorithm",
	url = "http://citeseerx.ist.psu.edu/viewdoc/summary?doi=10.1.1.133.4884",
	volume = "39",
	year = "1977"
}

@incollection{gb08,
  author    = {M. Grant and S. Boyd},
  title     = {Graph implementations for nonsmooth convex programs},
  booktitle = {Recent Advances in Learning and Control},
  series    = {Lecture Notes in Control and Information Sciences},
  editor    = {V. Blondel and S. Boyd and H. Kimura},
  publisher = {Springer-Verlag Limited},
  pages     = {95--110},
  year      = 2008,
  note      = {\url{http://stanford.edu/~boyd/graph_dcp.html}}
}

@Book{ keith,
title = { Social emergence : societies as complex systems / R. Keith Sawyer },
author = { Sawyer, R. Keith (Robert Keith) },
publisher = { Cambridge ; New York : Cambridge University Press },
year = { 2005 },
type = { Book },
isbn = { 0521844649 (hardback : alk. paper) },
subjects = { Social evolution; Social systems; Sociology; Communication -- Social aspects },
language = { English },
note = { Formerly CIP }
}

@paper{ICWSM124638,
  author = {Arthur White and Jeffrey Chan and Conor Hayes and Brendan Murphy},
  title = {Mixed Membership Models for Exploring User Roles in Online Fora},
  conference = {International AAAI Conference on Weblogs and Social Media},
  year = {2012},
  keywords = {forums; mixed membership; role analysis; variational Bayes},
  url = {http://www.aaai.org/ocs/index.php/ICWSM/ICWSM12/paper/view/4638}
}

@inproceedings{Ho:2012:DHT:2187836.2187936,
 author = {Ho, Qirong and Eisenstein, Jacob and Xing, Eric P.},
 title = {Document hierarchies from text and links},
 booktitle = {Proceedings of the 21st international conference on World Wide Web},
 series = {WWW '12},
 year = {2012},
 isbn = {978-1-4503-1229-5},
 location = {Lyon, France},
 pages = {739--748},
 numpages = {10},
 url = {http://doi.acm.org/10.1145/2187836.2187936},
 doi = {10.1145/2187836.2187936},
 acmid = {2187936},
 publisher = {ACM},
 address = {New York, NY, USA},
 keywords = {bayesian generative models, hierarchical clustering, stochastic block models, topic models},
} 

@inproceedings{Nallapati:2008:JLT:1401890.1401957,
 author = {Nallapati, Ramesh M. and Ahmed, Amr and Xing, Eric P. and Cohen, William W.},
 title = {Joint latent topic models for text and citations},
 booktitle = {Proceedings of the 14th ACM SIGKDD international conference on Knowledge discovery and data mining},
 series = {KDD '08},
 year = {2008},
 isbn = {978-1-60558-193-4},
 location = {Las Vegas, Nevada, USA},
 pages = {542--550},
 numpages = {9},
 url = {http://doi.acm.org/10.1145/1401890.1401957},
 doi = {10.1145/1401890.1401957},
 acmid = {1401957},
 publisher = {ACM},
 address = {New York, NY, USA},
 keywords = {LDA, PLSA, citations, hyperlinks, influence, topic models, variational inference},
} 

@inproceedings{Smet:2011:KTA:2017863.2017915,
 author = {Smet, Wim De and Tang, Jie and Moens, Marie-Francine},
 title = {Knowledge transfer across multilingual corpora via latent topics},
 booktitle = {Proceedings of the 15th Pacific-Asia conference on Advances in knowledge discovery and data mining - Volume Part I},
 series = {PAKDD'11},
 year = {2011},
 isbn = {978-3-642-20840-9},
 location = {Shenzhen, China},
 pages = {549--560},
 numpages = {12},
 url = {http://dl.acm.org/citation.cfm?id=2017863.2017915},
 acmid = {2017915},
 publisher = {Springer-Verlag},
 address = {Berlin, Heidelberg},
 keywords = {cross-lingual knowledge transfer, latent topic models, text categorization},
} 

@inproceedings{Yadati:2011:GTM:1963192.1963316,
 author = {Yadati, Narahari and Narayanam, Ramasuri},
 title = {Game theoretic models for social network analysis},
 booktitle = {Proceedings of the 20th international conference companion on World wide web},
 series = {WWW '11},
 year = {2011},
 isbn = {978-1-4503-0637-9},
 location = {Hyderabad, India},
 pages = {291--292},
 numpages = {2},
 url = {http://doi.acm.org/10.1145/1963192.1963316},
 doi = {10.1145/1963192.1963316},
 acmid = {1963316},
 publisher = {ACM},
 address = {New York, NY, USA},
 keywords = {community detection, game theory, network formation, query incentive networks, social networks, viral marketing},
}

@inproceedings{bernardo2002variational,
  title={The variational Bayesian EM algorithm for incomplete data: with application to scoring graphical model structures},
  author={Bernardo, JM and Bayarri, MJ and Berger, JO and Dawid, AP and Heckerman, D. and Smith, AFM and West, M. and others},
  booktitle={Bayesian Statistics 7: Proceedings of the 7th Valencia International Meeting},
  pages={453},
  year={2002}
}

@article{Chen:2010:GFI:1842547.1842566,
 author = {Chen, Wei and Liu, Zhenming and Sun, Xiaorui and Wang, Yajun},
 title = {A game-theoretic framework to identify overlapping communities in social networks},
 journal = {Data Min. Knowl. Discov.},
 issue_date = {September 2010},
 volume = {21},
 number = {2},
 month = sep,
 year = {2010},
 issn = {1384-5810},
 pages = {224--240},
 numpages = {17},
 url = {http://dx.doi.org/10.1007/s10618-010-0186-6},
 doi = {10.1007/s10618-010-0186-6},
 acmid = {1842566},
 publisher = {Kluwer Academic Publishers},
 address = {Hingham, MA, USA},
 keywords = {Community discovery, Overlapping communities, Social network analysis},
} 

@inproceedings{Yadati:2011:GTM:1963192.1963316,
 author = {Yadati, Narahari and Narayanam, Ramasuri},
 title = {Game theoretic models for social network analysis},
 booktitle = {Proceedings of the 20th international conference companion on World wide web},
 series = {WWW '11},
 year = {2011},
 isbn = {978-1-4503-0637-9},
 location = {Hyderabad, India},
 pages = {291--292},
 numpages = {2},
 url = {http://doi.acm.org/10.1145/1963192.1963316},
 doi = {10.1145/1963192.1963316},
 acmid = {1963316},
 publisher = {ACM},
 address = {New York, NY, USA},
 keywords = {community detection, game theory, network formation, query incentive networks, social networks, viral marketing},
} 

@Article{ Dhillon:2007:WGC:1313055.1313291,
	author = "Inderjit S. Dhillon and Yuqiang Guan and Brian Kulis",
	title = "Weighted Graph Cuts without Eigenvectors A Multilevel Approach",
	journal = "IEEE Trans. Pattern Anal. Mach. Intell.",
	issue_date = "November 2007",
	volume = "29",
	number = "11",
	month = nov,
	year = "2007",
	issn = "0162-8828",
	pages = "1944--1957",
	numpages = "14",
	url = "http://dx.doi.org/10.1109/TPAMI.2007.1115",
	doi = "10.1109/TPAMI.2007.1115",
	acmid = "1313291",
	publisher = "IEEE Computer Society",
	address = "Washington, DC, USA",
	keywords = "Clustering, Clustering, Data Mining, Segmentation, Kernel, k-means, k-means, Spectral Clustering, Graph Partitioning, Data Mining, Graph Partitioning, Kernel, Segmentation, Spectral Clustering, k-means"
}

@article{griffiths2004finding,
  title={Finding scientific topics},
  author={Griffiths, T.L. and Steyvers, M.},
  journal={Proceedings of the National Academy of Sciences of the United States of America},
  volume={101},
  number={Suppl 1},
  pages={5228--5235},
  year={2004},
  publisher={National Acad Sciences}
}

@article{blei2003latent,
  title={Latent dirichlet allocation},
  author={Blei, D.M. and Ng, A.Y. and Jordan, M.I.},
  journal={the Journal of machine Learning research},
  volume={3},
  pages={993--1022},
  year={2003},
  publisher={JMLR. org}
}

@ONLINE{wikipedia,
author = {Wikipedia},
title = {Wikipedia Data Dump October-01-2012},
month = oct,
year = {2012},
url = {http://dumps.wikimedia.org/enwiki/20121001/},
howpublished = {\url{http://dumps.wikimedia.org/enwiki/20121001/}}

}